<?xml version="1.0" encoding="UTF-8"?><collection xmlns="http://www.loc.gov/MARC21/slim"><record><leader>00557nam--2200181-i-4500</leader><controlfield tag="001">000011938</controlfield><controlfield tag="002">20161230</controlfield><controlfield tag="005">20161230201029</controlfield><controlfield tag="008">060222s1000------------r-----000-0-fre-d</controlfield><datafield ind1=" " ind2=" " tag="040"><subfield code="a">IFIN-HH</subfield></datafield><datafield ind1=" " ind2=" " tag="041"><subfield code="a">fre</subfield></datafield><datafield ind1=" " ind2=" " tag="080"><subfield code="a">536: 536.425:539.22(043)</subfield></datafield><datafield ind1="1" ind2=" " tag="100"><subfield code="a">Aubry, Serge</subfield></datafield><datafield ind1="1" ind2="0" tag="245"><subfield code="a">Etude theorique et numerique d'un modele unidimensionnel pour une interpretation unifiee des transitions structurales</subfield><subfield code="b">These</subfield><subfield code="c">Serge aubry</subfield></datafield><datafield ind1=" " ind2=" " tag="260"><subfield code="a">Paris</subfield><subfield code="b">Universite De Paris Vi</subfield><subfield code="c">1975</subfield></datafield><datafield ind1=" " ind2=" " tag="300"><subfield code="a">77 P</subfield></datafield><datafield ind1=" " ind2=" " tag="852"><subfield code="a">44185</subfield><subfield code="c">536.7</subfield></datafield><datafield ind1=" " ind2=" " tag="CAT"><subfield code="a">Sys</subfield><subfield code="c">20110524</subfield><subfield code="h">150256</subfield></datafield></record></collection>